<record><leader>00000cas a22000007a 4500</leader><controlfield tag="001">10933494</controlfield><controlfield tag="008">840710d18721927iauwr ne      0    0eng d</controlfield><datafield ind1=" " ind2=" " tag="010"><subfield code="a">sn 84027169 </subfield></datafield><datafield ind1=" " ind2=" " tag="040"><subfield code="a">NPU</subfield><subfield code="b">eng</subfield><subfield code="c">NPU</subfield><subfield code="d">NPX</subfield><subfield code="d">INP</subfield><subfield code="d">OCLCQ</subfield></datafield><datafield ind1=" " ind2=" " tag="042"><subfield code="a">msc</subfield></datafield><datafield ind1="0" ind2="0" tag="245"><subfield code="a">Ida County pioneer.</subfield></datafield><datafield ind1=" " ind2=" " tag="260"><subfield code="a">Ida [Ida Grove], Iowa :</subfield><subfield code="b">W.P. Evans,</subfield><subfield code="c">-1927.</subfield></datafield><datafield ind1=" " ind2=" " tag="300"><subfield code="a">v. :</subfield><subfield code="b">ill. ;</subfield><subfield code="c">56 cm.</subfield></datafield><datafield ind1=" " ind2=" " tag="310"><subfield code="a">Weekly</subfield></datafield><datafield ind1="1" ind2=" " tag="362"><subfield code="a">Began with Mar. 3, 1872 issue.</subfield></datafield><datafield ind1="0" ind2=" " tag="362"><subfield code="a">-v. 56, no. 7 (May 11, 1927).</subfield></datafield><datafield ind1=" " ind2=" " tag="500"><subfield code="a">Publisher varies.</subfield></datafield><datafield ind1=" " ind2=" " tag="500"><subfield code="a">Ida Grove, Iowa, called also Ida, Iowa.</subfield></datafield><datafield ind1=" " ind2=" " tag="500"><subfield code="a">"Republican," &lt;1876&gt;.</subfield></datafield><datafield ind1=" " ind2=" " tag="500"><subfield code="a">Editors: Chaffee &amp; Williams, &lt;1876&gt;.</subfield></datafield><datafield ind1=" " ind2=" " tag="515"><subfield code="a">Vol. 56, no. 7 (May 11, 1927) misdated May 11, 1972.</subfield></datafield><datafield ind1=" " ind2=" " tag="588"><subfield code="a">Description based on: Vol. 1, no. 50 (Mar. 20, 1873).</subfield></datafield><datafield ind1=" " ind2=" " tag="752"><subfield code="a">United States</subfield><subfield code="b">Iowa</subfield><subfield code="c">Ida</subfield><subfield code="d">Ida Grove.</subfield></datafield><datafield ind1=" " ind2=" " tag="752"><subfield code="a">United States</subfield><subfield code="b">Iowa</subfield><subfield code="c">Ida</subfield><subfield code="d">Ida.</subfield></datafield><datafield ind1="0" ind2="7" tag="785"><subfield code="t">Ida Grove record</subfield><subfield code="w">(DLC)sn 87057907</subfield></datafield><datafield ind1="0" ind2="7" tag="785"><subfield code="t">Ida County pioneer record</subfield><subfield code="w">(DLC)sn 87057908</subfield><subfield code="w">(OCoLC)16688777</subfield></datafield></record>